<?xml version="1.0" encoding="UTF-8"?><collection xmlns="http://www.loc.gov/MARC21/slim"><record><leader>00396nam--2200121-i-4500</leader><controlfield tag="001">000041518</controlfield><controlfield tag="002">20161230</controlfield><controlfield tag="005">20161230201043</controlfield><controlfield tag="008">060222s1000------------r-----000-0-eng-d</controlfield><datafield ind1=" " ind2=" " tag="245"><subfield code="a">Growth of crystals. reports at the first and second conf.on crystal growth,inst.of crystallography, acad.of science ussr</subfield></datafield><datafield ind1=" " ind2=" " tag="260"><subfield code="a">New York, Consultants Bureau, 1959. 178 P</subfield></datafield><datafield ind1=" " ind2=" " tag="700"><subfield code="a">Shubnikov,A.V</subfield></datafield><datafield ind1=" " ind2=" " tag="852"><subfield code="a">17031</subfield></datafield></record></collection>